%%%

@article{colah,
  title={Understanding Convolutions},
  author={Olah, Chris},
  journal={colah's blog},
  year={2014},
  howpublished = "\url{http://colah.github.io/posts/2014-07-Understanding-Convolutions/}",
}
@inproceedings{capsule,
  title={Dynamic routing between capsules},
  author={Sabour, Sara and Frosst, Nicholas and Hinton, Geoffrey E},
  booktitle={Advances in Neural Information Processing Systems},
  pages={3859--3869},
  year={2017}
}

@article{snemi,
  title={Superhuman accuracy on the SNEMI3D connectomics challenge},
  author={Lee, Kisuk and Zung, Jonathan and Li, Peter and Jain, Viren and Seung, H Sebastian},
  journal={arXiv preprint arXiv:1706.00120},
  year={2017}
}
@article{elastic_alignment,
  title={Elastic volume reconstruction from series of ultra-thin microscopy sections},
  author={Saalfeld, Stephan and Fetter, Richard and Cardona, Albert and Tomancak, Pavel},
  journal={Nature methods},
  volume={9},
  number={7},
  pages={717},
  year={2012},
  publisher={Nature Publishing Group}
}
@article{ssemnet,
  author    = {Inwan Yoo and
               David G. C. Hildebrand and
               Willie F. Tobin and
               Wei{-}Chung Allen Lee and
               Won{-}Ki Jeong},
  title     = {ssEMnet: Serial-section Electron Microscopy Image Registration using
               a Spatial Transformer Network with Learned Features},
  journal   = {CoRR},
  volume    = {abs/1707.07833},
  year      = {2017},
  url       = {http://arxiv.org/abs/1707.07833},
  archivePrefix = {arXiv},
  eprint    = {1707.07833},
  timestamp = {Sat, 05 Aug 2017 14:56:02 +0200},
  biburl    = {https://dblp.org/rec/bib/journals/corr/YooHTLJ17},
  bibsource = {dblp computer science bibliography, https://dblp.org}
}

@inproceedings{stn,
  title={Spatial transformer networks},
  author={Jaderberg, Max and Simonyan, Karen and Zisserman, Andrew and others},
  booktitle={Advances in neural information processing systems},
  pages={2017--2025},
  year={2015}
}
@inproceedings{unet,
  title={U-net: Convolutional networks for biomedical image segmentation},
  author={Ronneberger, Olaf and Fischer, Philipp and Brox, Thomas},
  booktitle={International Conference on Medical image computing and computer-assisted intervention},
  pages={234--241},
  year={2015},
  organization={Springer}
}

@inproceedings{warpnet,
  title={Warpnet: Weakly supervised matching for single-view reconstruction},
  author={Kanazawa, Angjoo and Jacobs, David W and Chandraker, Manmohan},
  booktitle={Proceedings of the IEEE Conference on Computer Vision and Pattern Recognition},
  pages={3253--3261},
  year={2016}
}

@inproceedings{flownet,
  title={Flownet: Learning optical flow with convolutional networks},
  author={Dosovitskiy, Alexey and Fischer, Philipp and Ilg, Eddy and Hausser, Philip and Hazirbas, Caner and Golkov, Vladimir and van der Smagt, Patrick and Cremers, Daniel and Brox, Thomas},
  booktitle={Proceedings of the IEEE International Conference on Computer Vision},
  pages={2758--2766},
  year={2015}
}
@article{flownet2,
  author    = {Eddy Ilg and
               Nikolaus Mayer and
               Tonmoy Saikia and
               Margret Keuper and
               Alexey Dosovitskiy and
               Thomas Brox},
  title     = {FlowNet 2.0: Evolution of Optical Flow Estimation with Deep Networks},
  journal   = {CoRR},
  volume    = {abs/1612.01925},
  year      = {2016},
  url       = {http://arxiv.org/abs/1612.01925},
  archivePrefix = {arXiv},
  eprint    = {1612.01925},
  timestamp = {Wed, 07 Jun 2017 14:41:53 +0200},
  biburl    = {https://dblp.org/rec/bib/journals/corr/IlgMSKDB16},
  bibsource = {dblp computer science bibliography, https://dblp.org}
}
@article{unflow,
  title={UnFlow: Unsupervised Learning of Optical Flow with a Bidirectional Census Loss},
  author={Meister, Simon and Hur, Junhwa and Roth, Stefan},
  journal={arXiv preprint arXiv:1711.07837},
  year={2017}
}
@inproceedings{spynet,
  title={Optical flow estimation using a spatial pyramid network},
  author={Ranjan, Anurag and Black, Michael J},
  booktitle={IEEE Conference on Computer Vision and Pattern Recognition (CVPR)},
  volume={2},
  year={2017}
}
@article{spynet_plus,
  title={Coarse to fine non-rigid registration: a chain of scale-specific neural networks for multimodal image alignment with application to remote sensing},
  author={Zampieri, Armand and Charpiat, Guillaume and Tarabalka, Yuliya},
  journal={arXiv preprint arXiv:1802.09816},
  year={2018}
}

@article{voxelmorph,
  title={An Unsupervised Learning Model for Deformable Medical Image Registration},
  author={Balakrishnan, Guha and Zhao, Amy and Sabuncu, Mert R and Guttag, John and Dalca, Adrian V},
  journal={arXiv preprint arXiv:1802.02604},
  year={2018}
}
@article{voxelmorph_clone,
  title={Unsupervised End-to-end Learning for Deformable Medical Image Registration},
  author={Shan, Siyuan and Guo, Xiaoqing and Yan, Wen and Chang, Eric I and Fan, Yubo and Xu, Yan and others},
  journal={arXiv preprint arXiv:1711.08608},
  year={2017}
}

